@article{Yi2009ActivesemanticLW,
  title={Active-semantic localization with a single consumer-grade camera},
  author={Chuho Yi and Il Hong Suh and Gi Hyun Lim and Byung-Uk Choi},
  journal={2009 IEEE International Conference on Systems, Man and Cybernetics},
  year={2009},
  pages={2161-2166}
}

@INPROCEEDINGS{844076, 
author={M. Tomono and S. Yuta}, 
booktitle={Proceedings 2000 ICRA. Millennium Conference. IEEE International Conference on Robotics and Automation. Symposia Proceedings (Cat. No.00CH37065)}, 
title={Mobile robot navigation in indoor environments using object and character recognition}, 
year={2000}, 
volume={1}, 
number={}, 
pages={313-320 vol.1}, 
keywords={mobile robots;computerised navigation;robot vision;object recognition;optical character recognition;mobile robot navigation;indoor environments;character recognition;model-based object recognition;destination position estimation;geometric relationships;object recognition;Mobile robots;Navigation;Indoor environments;Character recognition;Solid modeling;Object recognition;Intelligent robots;Image recognition;Robot vision systems;Cameras}, 
doi={10.1109/ROBOT.2000.844076}, 
ISSN={1050-4729}, 
month={April},}

@INPROCEEDINGS{7780460, 
author={J. Redmon and S. Divvala and R. Girshick and A. Farhadi}, 
booktitle={2016 IEEE Conference on Computer Vision and Pattern Recognition (CVPR)}, 
title={You Only Look Once: Unified, Real-Time Object Detection}, 
year={2016}, 
volume={}, 
number={}, 
pages={779-788}, 
keywords={image classification;image representation;neural nets;object detection;you only look once;unified real-time object detection;object classifiers;bounding boxes;class probabilities;neural network;detection pipeline;detection performance;YOLO model;object representation;DPM;R-CNN;natural images;Computer architecture;Microprocessors;Object detection;Training;Real-time systems;Neural networks;Pipelines}, 
doi={10.1109/CVPR.2016.91}, 
ISSN={1063-6919}, 
month={June},}

@MISC{Se02mobilerobot,
    author = {Stephen Se and David Lowe and Jim Little},
    title = {Mobile Robot Localization and Mapping with Uncertainty using Scale-Invariant Visual Landmarks},
    year = {2002}
}

@article{semloc,
author = {Corrado Anati, Roy},
year = {2016},
month = {01},
pages = {},
title = {Semantic Localization And Mapping In Robot Vision}
}