@INPROCEEDINGS{7780460, 
author={J. Redmon and S. Divvala and R. Girshick and A. Farhadi}, 
booktitle={2016 IEEE Conference on Computer Vision and Pattern Recognition (CVPR)}, 
title={You Only Look Once: Unified, Real-Time Object Detection}, 
year={2016}, 
volume={}, 
number={}, 
pages={779-788}, 
keywords={image classification;image representation;neural nets;object detection;you only look once;unified real-time object detection;object classifiers;bounding boxes;class probabilities;neural network;detection pipeline;detection performance;YOLO model;object representation;DPM;R-CNN;natural images;Computer architecture;Microprocessors;Object detection;Training;Real-time systems;Neural networks;Pipelines}, 
doi={10.1109/CVPR.2016.91}, 
ISSN={1063-6919}, 
month={June},}

@ARTICLE{5557884, 
author={P. Arbelaez and M. Maire and C. Fowlkes and J. Malik}, 
journal={IEEE Transactions on Pattern Analysis and Machine Intelligence}, 
title={Contour Detection and Hierarchical Image Segmentation}, 
year={2011}, 
volume={33}, 
number={5}, 
pages={898-916}, 
keywords={computer vision;edge detection;image segmentation;object detection;pattern clustering;trees (mathematics);contour detection;hierarchical image segmentation;computer vision;spectral clustering;hierarchical region tree;Image segmentation;Pixel;Detectors;Image edge detection;Humans;Histograms;Benchmark testing;Contour detection;image segmentation;computer vision.;Algorithms;Animals;Cluster Analysis;Humans;Image Processing, Computer-Assisted}, 
doi={10.1109/TPAMI.2010.161}, 
ISSN={0162-8828}, 
month={May},}

@article{Segnet,
archivePrefix = {arXiv},
arxivId = {arXiv:1511.00561v3},
author = {Badrinarayanan, Vijay and Kendall, Alex and Cipolla, Roberto and Member, Senior},
eprint = {arXiv:1511.00561v3},
pages = {1--14},
title = {{SegNet : A Deep Convolutional Encoder-Decoder Architecture for Image Segmentation}}
}
